@inproceedings{smartAnalysis,
  author    = {Cosimo Laneve and
               Claudio Sacerdoti Coen and
               Adele Veschetti},
  title     = {On the Prediction of Smart Contracts' Behaviours},
  booktitle = {From Software Engineering to Formal Methods and Tools, and Back -
               Essays Dedicated to Stefania Gnesi on the Occasion of Her 65th Birthday},
  pages     = {397--415},
  year      = {2019},
  crossref  = {DBLP:conf/birthday/2019gnesi},
  url       = {https://doi.org/10.1007/978-3-030-30985-5\_23},
  doi       = {10.1007/978-3-030-30985-5\_23},
  timestamp = {Sat, 12 Oct 2019 12:51:42 +0200},
  biburl    = {https://dblp.org/rec/bib/conf/birthday/LaneveCV19},
  bibsource = {dblp computer science bibliography, https://dblp.org}
}
@article{solidity-types,
  author    = {Silvia Crafa and
               Matteo Di Pirro},
  title     = {Solidity 0.5: when typed does not mean type safe},
  journal   = {CoRR},
  volume    = {abs/1907.02952},
  year      = {2019},
  url       = {http://arxiv.org/abs/1907.02952},
  archivePrefix = {arXiv},
  eprint    = {1907.02952},
  timestamp = {Mon, 08 Jul 2019 14:12:33 +0200},
  biburl    = {https://dblp.org/rec/bib/journals/corr/abs-1907-02952},
  bibsource = {dblp computer science bibliography, https://dblp.org}
}
@article{intrinsically-typed-imperative-languages,
  author    = {Casper Bach Poulsen and
               Arjen Rouvoet and
               Andrew Tolmach and
               Robbert Krebbers and
               Eelco Visser},
  title     = {Intrinsically-typed definitional interpreters for imperative languages},
  journal   = {{PACMPL}},
  volume    = {2},
  number    = {{POPL}},
  pages     = {16:1--16:34},
  year      = {2018},
  url       = {https://doi.org/10.1145/3158104},
  doi       = {10.1145/3158104},
  timestamp = {Wed, 25 Sep 2019 17:42:16 +0200},
  biburl    = {https://dblp.org/rec/bib/journals/pacmpl/PoulsenRTKV18},
  bibsource = {dblp computer science bibliography, https://dblp.org}
}

@article{OCamlGADT,
    author  = {Junjie Ke},
    title   = {Applications of Generalized Algebraic Data Types in OCaml},
    year    = {2017},
    url     = {https://cs242.stanford.edu/f17/assets/projects/2017/junjiek.pdf}
}

@book{gabbrielli-linguaggi,
    author  = {Maurizio Gabbrielli, Simone Martini},
    edition = {2},
    title   = {Linguaggi di programmazione: principi e paradigmi},
    publisher   = {McGraw-Hill},
    year    = {2010}
}

@misc{solidity-docs,
	title   = {Solidity Docs},
	author  = {Ethereum},
	year    = {2018},
	url     = {https://solidity.readthedocs.io/en/v0.5.13/}
}

@misc{ocaml-docs,
    title   = {The OCaml system release 4.09},
    author  = {Xavier Leroy, Damien Doligez, Alain Frisch, Jacques Garrigue, Didier Rémy and Jérôme Vouillon},
    year    = {2019},
    url     = {http://caml.inria.fr/pub/docs/manual-ocaml}
}


